@INPROCEEDINGS{Todorov2005,
author={E. Todorov and Weiwei Li},
booktitle={Proceedings of the 2005, American Control Conference, 2005.},
title={A generalized iterative LQG method for locally-optimal feedback control of constrained nonlinear stochastic systems},
year={2005},
volume={},
number={},
pages={300-306 vol. 1},
keywords={actuators;biomechanics;constraint theory;convergence;feedback;iterative methods;linear quadratic Gaussian control;muscle;nonlinear systems;optimal control;pendulums;quadratic programming;stochastic systems;Levenberg-Marquardt method;Matlab;biomechanical control problem;constrained nonlinear stochastic systems;control constraints;deterministic unconstrained problems;generalized iterative LQG method;global convergence;human arm;iterative linear-quadratic-Gaussian method;limited-torque inverted pendulum;locally-optimal feedback control;muscle actuators;optimal cost-to-go function;quadratic approximation;quadratic cost;state dimensions;stochastic model;Control systems;Convergence;Costs;Feedback control;Iterative methods;Linear feedback control systems;Mathematical model;Nonlinear control systems;Stochastic processes;Stochastic systems},
doi={10.1109/ACC.2005.1469949},
ISSN={0743-1619},
month={June},}

@INPROCEEDINGS{Seiler2015,
author={K. M. Seiler and H. Kurniawati and S. P. N. Singh},
booktitle={2015 IEEE International Conference on Robotics and Automation (ICRA)},
title={An online and approximate solver for POMDPs with continuous action space},
year={2015},
volume={},
number={},
pages={2290-2297},
doi={10.1109/ICRA.2015.7139503},
ISSN={1050-4729},
month={May},}

@article{Silver2016,
  author    = {David Silver and
               Hado van Hasselt and
               Matteo Hessel and
               Tom Schaul and
               Arthur Guez and
               Tim Harley and
               Gabriel Dulac{-}Arnold and
               David P. Reichert and
               Neil C. Rabinowitz and
               Andr{\'{e}} Barreto and
               Thomas Degris},
  title     = {The Predictron: End-To-End Learning and Planning},
  journal   = {CoRR},
  volume    = {abs/1612.08810},
  year      = {2016},
  url       = {http://arxiv.org/abs/1612.08810},
  archivePrefix = {arXiv},
  eprint    = {1612.08810},
  timestamp = {Mon, 04 Dec 2017 07:29:10 +0100},
  biburl    = {http://dblp.org/rec/bib/journals/corr/SilverHHSGHDRRB16},
  bibsource = {dblp computer science bibliography, http://dblp.org}
}

@article{Lillicrap2015,
archivePrefix = {arXiv},
arxivId = {1509.02971},
author = {Lillicrap, Timothy P. and Hunt, Jonathan J. and Pritzel, Alexander and Heess, Nicolas and Erez, Tom and Tassa, Yuval and Silver, David and Wierstra, Daan},
doi = {10.1561/2200000006},
eprint = {1509.02971},
file = {:home/tor/rsc/mendeley/Lillicrap et al/2015/2015 - Continuous control with deep reinforcement learning - Lillicrap et al. - Unknown.pdf:pdf},
isbn = {2200000006},
issn = {1935-8237},
mendeley-groups = {cctrl},
pmid = {24966830},
title = {{Continuous control with deep reinforcement learning}},
url = {http://arxiv.org/abs/1509.02971},
year = {2015}
}

@book{Sutton1998,
 author = {Sutton, Richard S. and Barto, Andrew G.},
 title = {Introduction to Reinforcement Learning},
 year = {1998},
 isbn = {0262193981},
 edition = {1st},
 publisher = {MIT Press},
 address = {Cambridge, MA, USA},
}

@article{Silver2014,
author = {Silver, David and Lever, Guy and Heess, Nicolas and Degris, Thomas and Wierstra, Daan and Riedmiller, Martin},
file = {:home/tor/rsc/mendeley/Silver et al/2014/2014 - Deterministic Policy Gradient Algorithms - Silver et al. - Proceedings of the 31st International Conference on Machine Learning (.pdf:pdf},
isbn = {9781634393973},
issn = {1938-7228},
journal = {Proceedings of the 31st International Conference on Machine Learning (ICML-14)},
mendeley-groups = {deeprl/cont-action},
pages = {387--395},
title = {{Deterministic Policy Gradient Algorithms}},
year = {2014}
}

@article{Mnih2013,
archivePrefix = {arXiv},
arxivId = {1312.5602},
author = {Mnih, Volodymyr and Kavukcuoglu, Koray and Silver, David and Graves, Alex and Antonoglou, Ioannis and Wierstra, Daan and Riedmiller, Martin},
doi = {10.1038/nature14236},
eprint = {1312.5602},
file = {:home/tor/rsc/mendeley/Mnih et al/2013/2013 - Playing Atari with Deep Reinforcement Learning - Mnih et al. - Unknown.pdf:pdf},
isbn = {1476-4687 (Electronic) 0028-0836 (Linking)},
issn = {0028-0836},
mendeley-groups = {deeprl/deep-value},
pages = {1--9},
pmid = {25719670},
title = {{Playing Atari with Deep Reinforcement Learning}},
url = {http://arxiv.org/abs/1312.5602},
year = {2013}
}
