@article{Lillicrap2015,
archivePrefix = {arXiv},
arxivId = {1509.02971},
author = {Lillicrap, Timothy P. and Hunt, Jonathan J. and Pritzel, Alexander and Heess, Nicolas and Erez, Tom and Tassa, Yuval and Silver, David and Wierstra, Daan},
doi = {10.1561/2200000006},
eprint = {1509.02971},
file = {:home/tor/rsc/mendeley/Lillicrap et al/2015/2015 - Continuous control with deep reinforcement learning - Lillicrap et al. - Unknown.pdf:pdf},
isbn = {2200000006},
issn = {1935-8237},
mendeley-groups = {cctrl},
pmid = {24966830},
title = {{Continuous control with deep reinforcement learning}},
url = {http://arxiv.org/abs/1509.02971},
year = {2015}
}

@book{Sutton1998,
 author = {Sutton, Richard S. and Barto, Andrew G.},
 title = {Introduction to Reinforcement Learning},
 year = {1998},
 isbn = {0262193981},
 edition = {1st},
 publisher = {MIT Press},
 address = {Cambridge, MA, USA},
}

@article{Silver2014,
author = {Silver, David and Lever, Guy and Heess, Nicolas and Degris, Thomas and Wierstra, Daan and Riedmiller, Martin},
file = {:home/tor/rsc/mendeley/Silver et al/2014/2014 - Deterministic Policy Gradient Algorithms - Silver et al. - Proceedings of the 31st International Conference on Machine Learning (.pdf:pdf},
isbn = {9781634393973},
issn = {1938-7228},
journal = {Proceedings of the 31st International Conference on Machine Learning (ICML-14)},
mendeley-groups = {deeprl/cont-action},
pages = {387--395},
title = {{Deterministic Policy Gradient Algorithms}},
year = {2014}
}

@article{Mnih2013,
archivePrefix = {arXiv},
arxivId = {1312.5602},
author = {Mnih, Volodymyr and Kavukcuoglu, Koray and Silver, David and Graves, Alex and Antonoglou, Ioannis and Wierstra, Daan and Riedmiller, Martin},
doi = {10.1038/nature14236},
eprint = {1312.5602},
file = {:home/tor/rsc/mendeley/Mnih et al/2013/2013 - Playing Atari with Deep Reinforcement Learning - Mnih et al. - Unknown.pdf:pdf},
isbn = {1476-4687 (Electronic) 0028-0836 (Linking)},
issn = {0028-0836},
mendeley-groups = {deeprl/deep-value},
pages = {1--9},
pmid = {25719670},
title = {{Playing Atari with Deep Reinforcement Learning}},
url = {http://arxiv.org/abs/1312.5602},
year = {2013}
}
